%% This BibTeX bibliography file was created using BibDesk.
%% http://bibdesk.sourceforge.net/


%% Created for Jannes  at 2015-06-22 17:21:34 +0200 


%% Saved with string encoding Unicode (UTF-8) 



@book{jaenich,
	Author = {Klaus Jänich},
	Publisher = {Springer},
	Title = {Vector Analysis},
	Year = {2001}}

@book{schill,
	Author = {René L. Schilling},
	Edition = {1},
	Publisher = {Cambridge University Press},
	Title = {Measures, Integrals and Martingales},
	Year = {2005}}

@book{bell,
	Author = {Richard Bellman},
	Edition = {2},
	Publisher = {McGraw-Hill},
	Title = {Introduction to Matrix Analysis},
	Year = {1970}}

@unpublished{diffma,
	Author = {Kai Zehmisch},
	Howpublished = {Mitschrift ge\TeX{}t von Jannes Bantje},
	Title = {Differentialformen und Mannigfaltigkeiten},
	Url = {https://github.com/JaMeZ-B/latex-wwu/raw/master/DiffMa_SS14/diff_ma.pdf?raw=true},
	Urldate = {2015-06-11},
	Year = {2014},
	Bdsk-Url-1 = {https://github.com/JaMeZ-B/latex-wwu/raw/master/DiffMa_SS14/diff_ma.pdf?raw=true}}

@book{Warner,
	Author = {Frank W. Warner},
	Publisher = {Springer},
	Title = {Foundations of Differentiable Manifolds and Lie Groups},
	Year = {1983}}

@book{Lang,
	Author = {Serge Lang},
	Publisher = {Addison-Wesley},
	Title = {Analysis II.},
	Year = {1969}}

@book{Spivak,
	Author = {Michael David Spivak},
	Edition = {2},
	Publisher = {Publish or Perish},
	Title = {A Comprehensive Introduction to Differential Geometry},
	Volume = {1},
	Year = {1979}}

@book{Bred,
	Author = {Bredon, Glen E.},
	Publisher = {Springer},
	Title = {Topology and {G}eometry},
	Year = {1993}}
	
@book{Hatcher,
	Author = {Allen Hatcher},
	Publisher = {Cambridge University Press},
	Title = {Algebraic Topology},
	Year = {2002}}

@book{BroJae,
	Author = {Broecker, T. and Jänich, K.},
	Edition = {1},
	Publisher = {Springer},
	Title = {Einführung in die {D}ifferentialtopologie},
	Year = {1973}}

@book{BrotD,
	Author = {Broecker, T. and {tom Dieck}, T.},
	Publisher = {Springer},
	Title = {Representations of {C}ompact {L}ie {G}roups},
	Year = {1985}}

@unpublished{Wald1,
	Author = {Friedhelm Waldhausen},
	Title = {Algebraische Topologie I.},
	Howpublished = {mit \TeX{} erstelltes
	 Vorlesungsskript},
	Url = {https://www.math.uni-bielefeld.de/~fw/},
	Urldate = {2015-10-20},
	Shorthand = {WalA}}
	
@unpublished{Wald2,
	Author = {Friedhelm Waldhausen},
	Title = {Algebraische Topologie II.},
	Howpublished = {mit \TeX{} erstelltes
	 Vorlesungsskript},
	Url = {https://www.math.uni-bielefeld.de/~fw/},
	Urldate = {2015-10-20},
	Shorthand = {WalB}}

@book{Miln,
	Author = {Milnor, J.},
	Edition = {8th Printing},
	Publisher = {The University Press of Virginia Charlottesville},
	Title = {Topology from the {D}ifferentiable {V}iewpoint},
	Year = {1990}}
