@book{BekkaHarpeValette,
	author 	=	{{Mohammed El Bachir Bekka, Pierre de la Harpe, Alain Valette}},
	Title	=	{Kazhdan's Property (T)},
	Publisher = {Cambridge Univ. Press},
	Year	=	{2008},
	Shorthand = {BHV08}
}

@book{BridsonHaefliger,
	Author 	=	{{Martin R. Bridson, André Haefliger}},
	Title	=	{Metric Spaces of Non-Positive Curvature},
	Publisher = {Springer},
	Year	=	{1999},
	Shorthand = {BH99}
}

@book{Serre,
	author =	{{Jean-Pierre Serre}},
	title	=	{Trees},
	publisher =	{Springer-Verlag},
	year	=	{1980},
	shorthand = {Ser80}
}

@book{Munkres,
	author =	{{James R. Munkres}},
	title	=	{Topology -- a first course},
	publisher =	{Prentice-Hall},
	year	=	{1974},
	shorthand = {Mun74}
}

@unpublished{Kramer,
	author	=	{{Linus Kramer}},
	title	=	{Skript zu Grundlagen der Analysis, Topologie und Geometrie},
	year	=	{Sommersemester 2015},
	url		=	{http://wwwmath.uni-muenster.de/u/ag_kramer/index.php?name=VorlesungGrundlagenAnalysisGeometrieTopologie15&menu=teach&lang=de},
	note	=	{Westfälische Wilhelms-Universität Münster},
	shorthand = {Kra15}
}

@article{Sageev,
	AUTHOR = {{Michah Sageev}},
	TITLE = {Ends of group pairs and non-positively curved cube complexes},
	JOURNAL = {Proceedings of the London Mathematical Society. Third Series},
	FJOURNAL = {Proceedings of the London Mathematical Society. Third Series},
	VOLUME = {71},
	YEAR = {1995},
	NUMBER = {3},
	shorthand = {Sag95}
}